A0000000010000000610000102313861210                    CAD
C000000002000000061000014500000099999023138061214821999999      6121006100001000000006000SCOTIABANK12345D1-1-OCC ZERO                 SCOTIABANK12345               000000021074                 0002300318989899                                            0000000000045000000120060231370612148211010000002576121006100001000000002000CLINO3799900610D1-1-OCC ZERO                 CLIENT NUMERO 3799900610      37999006107                  0006000110725423                                            0000000000045000000120490231380612148211010000003036121006100001000000005000BANK OF MONTREAD1-1-OCC ZERO                 BANK OF MONTREA               000000011050                 0001012618989899                                            0000000000045000000120480231370612148211010000003036121006100001000000001000BANK OF MONTREAD1-1-OCC ZERO                 BANK OF MONTREA               000000011049                 0001012618989899                                            000000000004500000012037023138061214821999999      6121006100001000000008000CLINO4002800610D1-1-OCC ZERO                 CLIENT NUMERO 4002800610      400280061038                 0006050310022422                                            0000000000045000000120070231380612148211010000002576121006100001000000007000CLINO3799900610D1-1-OCC ZERO                 CLIENT NUMERO 3799900610      37999006108                  0006000110725423                                            00000000000
D0000000030000000610000145000000040420231370612148211010000003036121006100001000000003000BANK OF MONTREAD1-1-OCC ZERO                 BANK OF MONTREA               00000001101140               0001012618989899                                            0000000000045000000040430231380612148211010000003036121006100001000000009000BANK OF MONTREAD1-1-OCC ZERO                 BANK OF MONTREA               00000001101141               0001012618989899                                            000000000004500000004067023138061214821999999      6121006100001000000010000SCOTIABANK12345D1-1-OCC ZERO                 SCOTIABANK12345               00000002101165               0002300318989899                                            0000000000045000000040060231370612148211010000002576121006100001000000004000CLINO3837200610D1-1-OCC ZERO                 CLIENT NUMERO 3837200610      38372006101104               0006000110725423                                            0000000000045000000040070231380612148211010000002576121006100001000000011000CLINO3837200610D1-1-OCC ZERO                 CLIENT NUMERO 3837200610      38372006101105               0006000110725423                                            00000000000
Z000000004000000061000010000000002016500000005000000000722200000000600000000000000000000000000000000000000000000